@book{hsu2002behind,
  title={Behind Deep Blue: Building the computer that defeated the world chess champion},
  author={Hsu, Feng-Hsiung},
  year={2002},
  publisher={Princeton University Press}
}
@article{schaeffer2007checkers,
  title={Checkers is solved},
  author={Schaeffer, Jonathan and Burch, Neil and Bjornsson, Yngvi and Kishimoto, Akihiro and Muller, Martin and Lake, Robert and Lu, Paul and Sutphen, Steve},
  journal={science},
  volume={317},
  number={5844},
  pages={1518--1522},
  year={2007},
  publisher={American Association for the Advancement of Science}
}
@article{silver2017mastering,
  title={Mastering the game of go without human knowledge},
  author={Silver, David and Schrittwieser, Julian and Simonyan, Karen and Antonoglou, Ioannis and Huang, Aja and Guez, Arthur and Hubert, Thomas and Baker, Lucas and Lai, Matthew and Bolton, Adrian and others},
  journal={nature},
  volume={550},
  number={7676},
  pages={354--359},
  year={2017},
  publisher={Nature Publishing Group}
}
@article{vinyals2019grandmaster,
  title={Grandmaster level in StarCraft II using multi-agent reinforcement learning},
  author={Vinyals, Oriol and Babuschkin, Igor and Czarnecki, Wojciech M and Mathieu, Micha{\"e}l and Dudzik, Andrew and Chung, Junyoung and Choi, David H and Powell, Richard and Ewalds, Timo and Georgiev, Petko and others},
  journal={Nature},
  volume={575},
  number={7782},
  pages={350--354},
  year={2019},
  publisher={Nature Publishing Group}
}
@article{zhang2019comprehensive,
  title={A comprehensive survey of vision-based human action recognition methods},
  author={Zhang, Hong-Bo and Zhang, Yi-Xiang and Zhong, Bineng and Lei, Qing and Yang, Lijie and Du, Ji-Xiang and Chen, Duan-Sheng},
  journal={Sensors},
  volume={19},
  number={5},
  pages={1005},
  year={2019},
  publisher={Multidisciplinary Digital Publishing Institute}
}
@article{liu2020deep,
  title={Deep learning for generic object detection: A survey},
  author={Liu, Li and Ouyang, Wanli and Wang, Xiaogang and Fieguth, Paul and Chen, Jie and Liu, Xinwang and Pietik{\"a}inen, Matti},
  journal={International journal of computer vision},
  volume={128},
  number={2},
  pages={261--318},
  year={2020},
  publisher={Springer}
}
@article{lipton2015critical,
  title={A critical review of recurrent neural networks for sequence learning},
  author={Lipton, Zachary C and Berkowitz, John and Elkan, Charles},
  journal={arXiv preprint arXiv:1506.00019},
  year={2015}
}
@article{zhuang2020comprehensive,
  title={A comprehensive survey on transfer learning},
  author={Zhuang, Fuzhen and Qi, Zhiyuan and Duan, Keyu and Xi, Dongbo and Zhu, Yongchun and Zhu, Hengshu and Xiong, Hui and He, Qing},
  journal={Proceedings of the IEEE},
  volume={109},
  number={1},
  pages={43--76},
  year={2020},
  publisher={IEEE}
}
@article{islam2017survey,
  title={A survey on optical character recognition system},
  author={Islam, Noman and Islam, Zeeshan and Noor, Nazia},
  journal={arXiv preprint arXiv:1710.05703},
  year={2017}
}
@misc{glennjocher2022,
  author={Glenn Jocher and Ayush Chaurasia and Alex Stoken and Jirka Borovec and NanoCode012 and Yonghye Kwon and TaoXie and Jiacong Fang and imyhxy and Kalen Michael and Lorna and Abhiram V and Diego Montes and Jebastin Nadar and Laughing and tkianai and yxNONG and Piotr Skalski and Zhiqiang Wang and Adam Hogan and Cristi Fati and Lorenzo Mammana and AlexWang1900 and Deep Patel and Ding Yiwei and Felix You and Jan Hajek and Laurentiu Diaconu and Mai Thanh Minh},
  title={{ultralytics/yolov5: v6.1 - TensorRT, TensorFlow  Edge TPU and OpenVINO Export and Inference}},
  month={feb},
  year={2022},
  publisher={Zenodo},
  version={v6.1},
  doi={10.5281/zenodo.6222936},
  url={https://doi.org/10.5281/zenodo.6222936}
}
@article{van2016true,
  title={True online temporal-difference learning},
  author={Van Seijen, Harm and Mahmood, A Rupam and Pilarski, Patrick M and Machado, Marlos C and Sutton, Richard S},
  journal={The Journal of Machine Learning Research},
  volume={17},
  number={1},
  pages={5057--5096},
  year={2016},
  publisher={JMLR. org}
}
